<collection xmlns="http://www.loc.gov/MARC21/slim">
<record>
  <leader>00338na 0a22000971i 450 </leader>
  <controlfield tag="001">IT\ICCU\CNCE\064618</controlfield>
  <controlfield tag="005">20060522000000.0</controlfield>
  <datafield tag="100" ind1=" " ind2=" ">
    <subfield code="a">20060522             0itac0103    ba</subfield>
  </datafield>
  <datafield tag="101" ind1=" " ind2=" ">
    <subfield code="a">ITA</subfield>
  </datafield>
  <datafield tag="200" ind1="1" ind2=" ">
    <subfield code="a">Libro d&apos;alcune chiese di Milano, fatto nell&apos;occasione del giubileo ... dal molto reuer. monsignor Giouan Francesco Bascap ̈...</subfield>
  </datafield>
  <datafield tag="801" ind1=" " ind2="3">
    <subfield code="a">IT</subfield>
    <subfield code="b">ICCU</subfield>
    <subfield code="c">20201115</subfield>
  </datafield>
</record>
</collection>
